<record><leader>00000cas a22000007a 4500</leader><controlfield tag="001">22135748</controlfield><controlfield tag="008">900724d19301939nhuwr ne      0    0eng d</controlfield><datafield ind1=" " ind2=" " tag="010"><subfield code="a">sn 90062327 </subfield></datafield><datafield ind1=" " ind2=" " tag="040"><subfield code="a">NVH</subfield><subfield code="b">eng</subfield><subfield code="c">NVH</subfield><subfield code="d">OCLCQ</subfield></datafield><datafield ind1=" " ind2=" " tag="042"><subfield code="a">msc</subfield></datafield><datafield ind1="0" ind2=" " tag="130"><subfield code="a">Hampton union and Rockingham county gazette (Hampton, N.H. : 1930)</subfield></datafield><datafield ind1="1" ind2="0" tag="245"><subfield code="a">Hampton union and Rockingham county gazette.</subfield></datafield><datafield ind1=" " ind2=" " tag="260"><subfield code="a">Hampton, N.H. :</subfield><subfield code="b">Rockingham Print.</subfield></datafield><datafield ind1=" " ind2=" " tag="300"><subfield code="a">v.</subfield></datafield><datafield ind1=" " ind2=" " tag="310"><subfield code="a">Weekly</subfield></datafield><datafield ind1="0" ind2=" " tag="362"><subfield code="a">Vol. 33, no. 14 (Apr, 3, 1930)-v. 40, no. 43 (Oct. 26, 1939).</subfield></datafield><datafield ind1=" " ind2=" " tag="752"><subfield code="a">United States</subfield><subfield code="b">New Hampshire</subfield><subfield code="c">Rockingham</subfield><subfield code="d">Hampton.</subfield></datafield><datafield ind1="0" ind2="0" tag="780"><subfield code="t">Rockingham county gazette and Hamptons union</subfield><subfield code="w">(DLC)sn 90062326</subfield></datafield><datafield ind1="0" ind2="0" tag="785"><subfield code="t">Hampton union (Hampton, N.H. : 1939)</subfield><subfield code="w">(DLC)sn 90062328</subfield></datafield></record>